<record><leader>00000cas a22000007a 4500</leader><controlfield tag="001">17793197</controlfield><controlfield tag="008">880414d193619uunbudn ne      0    0eng d</controlfield><datafield ind1=" " ind2=" " tag="010"><subfield code="a">sn 88086142 </subfield></datafield><datafield ind1=" " ind2=" " tag="040"><subfield code="a">NPV</subfield><subfield code="b">eng</subfield><subfield code="c">NPV</subfield><subfield code="d">NVG</subfield><subfield code="d">OCLCQ</subfield></datafield><datafield ind1=" " ind2=" " tag="042"><subfield code="a">msc</subfield></datafield><datafield ind1="0" ind2=" " tag="130"><subfield code="a">Auburn journal (Auburn, Neb.)</subfield></datafield><datafield ind1="1" ind2="4" tag="245"><subfield code="a">The Auburn journal.</subfield></datafield><datafield ind1=" " ind2=" " tag="260"><subfield code="a">Auburn, Nemaha Co., Neb. :</subfield><subfield code="b">M.V. Wilkins,</subfield><subfield code="c">1936-</subfield></datafield><datafield ind1=" " ind2=" " tag="300"><subfield code="a">v.</subfield></datafield><datafield ind1=" " ind2=" " tag="310"><subfield code="a">Daily (except Sat. and Sun),</subfield><subfield code="b">&lt;Dec. 13-31, 1937&gt;</subfield></datafield><datafield ind1=" " ind2=" " tag="321"><subfield code="a">Weekly,</subfield><subfield code="b">June 18, 1936-&lt;Nov. 25, 1937&gt;</subfield></datafield><datafield ind1="0" ind2=" " tag="362"><subfield code="a">Vol. 2, no. 38 (June 18, 1936)-</subfield></datafield><datafield ind1=" " ind2=" " tag="752"><subfield code="a">United States</subfield><subfield code="b">Nebraska</subfield><subfield code="c">Nemaha</subfield><subfield code="d">Auburn.</subfield></datafield><datafield ind1="0" ind2="0" tag="780"><subfield code="t">Peru enterprise</subfield></datafield></record>